% Encoding: UTF-8
@acronym{gcd,
  short = {GCD},
  long = {Greatest Common Divisor}
}

@acronym{lcm,
  short = {LCM},
  long = {Least Common Multiple}
}

@acronym{dry,
  short = {DRY},
  long = {Don't Repeat Yourself}
}

@acronym{nist,
  short = {NIST},
  long = {National Institute of Standards and Technology}
}

@acronym{saas,
  short = {SaaS},
  long = {Software as a Service}
}

@acronym{paas,
  short = {PaaS},
  long = {Platform as a Service}
}

@acronym{iaas,
  short = {IaaS},
  long = {Infrastructure as a Service}
}

@acronym{un,
  short = {UN},
  long = {United Nations}
}

@entry{latex,
  name = {latex},
  description = {Is a mark up language specially suited 
    for scientific documents}
}

@entry{maths,
  name = {mathematics},
  description = {Mathematics is what mathematicians do}
}

@Comment{jabref-meta: databaseType:bibtex;}
