% Encoding: UTF-8

@book{lamport94,
  author = {Leslie Lamport},
  edition = {Second},
  note = {User's Guide and Reference Manual},
  publisher = {Addison-Wesley},
  title = {\LaTeX\ -- A Document Preparation System},
  year = {1994}
}

@Book{anderson2020security,
	author    = {Anderson, Ross},
	publisher = {John Wiley \& Sons},
	title     = {Security engineering: a guide to building dependable distributed systems},
	year      = {2020},
	subtitle  = {A Guide to Building Dependable Distributed Systems},
}

@Book{chapple2018isc,
	author    = {Chapple, Mike and Stewart, James Michael and Gibson, Darril},
	publisher = {John Wiley \& Sons},
	title     = {(ISC) 2 CISSP Certified Information Systems Security Professional Official Study Guide},
	year      = {2018},
	subtitle  = {Certified Information Systems Security Professional Study Guide},
}

@Misc{lunkeit2016vorgehensmodell,
	author    = {Lunkeit, Armin and Zimmer, Wolf},
	title     = {{Ein} {Vorgehensmodell} f\"ur die {Entwicklung} sicherer {Software}},
	year      = {2016},
	groups    = {Security, Design},
	pages     = {185-257},
	publisher = {P. Schartner (Hrsg.), DACH Security 2016 · syssec (2016) 339-349},
}

@Book{talbot2013using,
  author    = {Talbot, Nicola},
  publisher = {Dickimaw Books},
  title     = {Using LaTex to Write a PhD Thesis},
  year      = {2013},
}

@TechReport{IECTS63134,
	author      = {{International Electrotechnical Commission}},
	institution = {{International Electrotechnical Commission}},
	title       = {{Active assisted living (AAL) use cases}},
	year        = {2020},
	address     = {Geneva, CH},
	type        = {Standard},
	key         = {IEC TS 63134:2020},
	pages       = {111-134},
}

@TechReport{IEC63240-1,
	author      = {{International Electrotechnical Commission}},
	institution = {{International Electrotechnical Commission}},
	title       = {{Active assisted living (AAL) reference architecture and architecture model - Part 1: Reference architecture.}},
	year        = {2020},
	address     = {Geneva, CH},
	type        = {Standard},
	key         = {IEC 63240-1:2020},
	volume      = {20},
}

@TechReport{IEC63240-2,
	author      = {{International Electrotechnical Commission}},
	institution = {{International Electrotechnical Commission}},
	title       = {{Active assisted living (AAL) reference architecture and architecture model - Part 2: Architecture model.}},
	year        = {2020},
	address     = {Geneva, CH},
	type        = {Standard},
	key         = {IEC 63240-2:2020},
	volume      = {20},
}

@Misc{un2019population,
	author    = {{United Nations}},
	title     = {{World Population Agening 2019 (ST/ESA/SER.A/444)}},
	year      = {2020},
	publisher = {United Nations Department of Economic and Social Affairs, Population Division},
}

@TechReport{ISO27005,
	author      = {{International Organization for Standardization}},
	institution = {International Organization for Standardization},
	title       = {Information technology — Security techniques — Information security risk management},
	year        = {2018},
	address     = {Geneva, CH},
	type        = {Standard},
	key         = {ISO/IEC 27005:2018},
	pages       = {59-78},
	volume      = {29},
}


@Comment{jabref-meta: databaseType:bibtex;}
